% This file was created with Citavi 5.3.1.0

@book{Balzert.2009,
 author = {Balzert, Helmut and Balzert, Heide and Liggesmeyer, Peter},
 year = {2009-},
 title = {Lehrbuch der Softwaretechnik},
 address = {Heidelberg},
 edition = {3. Aufl.},
 publisher = {{Spektrum Akademischer Verlag}},
 isbn = {978-3-8274-1706-0},
 series = {Lehrb{\"u}cher der Informatik}
}


@article{Cote.2007,
 author = {C{\^o}t{\'e}, Marc-Alexis and Suryn, Witold and Georgiadou, Elli},
 year = {2007},
 title = {In search for a widely applicable and accepted software quality model for software quality engineering},
 pages = {401--416},
 volume = {15},
 number = {4},
 journal = {Software Quality Journal}
}


@misc{DeutschesInstitutfurNormunge.V..2008,
 author = {{DIN Deutsches Institut f{\"u}r Normung e. V.}},
 year = {2008},
 title = {DIN 55350-11},
 url = {http://www.beuth.de/en/standard/din-55350-11/106337492},
 note = {06/14/2016}
}


@article{Dijkstra.1972,
 author = {Dijkstra, Edsger W.},
 year = {1972},
 title = {The humble programmer},
 pages = {859--866},
 volume = {15},
 number = {10},
 journal = {Communications of the ACM}
}


@book{Franz.2015,
 author = {Franz, Klaus},
 year = {2015},
 title = {Handbuch zum Testen von Web- und Mobile-Apps: Testverfahren, Werkzeuge, Praxistipps},
 address = {Berlin, Heidelberg},
 edition = {2., aktualisierte u. erw. Aufl. 2015},
 publisher = {{Springer Berlin Heidelberg}},
 isbn = {978-3-662-44028-5},
 series = {Xpert.press}
}


@article{Gleichmann.2014,
 author = {Gleichmann, Mario and Oder, Alexander},
 year = {2014},
 title = {JUnit-Tests leichtgewichtig dokumentieren},
 volume = {5},
 journal = {JavaSPEKTRUM}
}


@book{Goll.2011,
 author = {Goll, Joachim},
 year = {2011},
 title = {Methoden und Architekturen der Softwaretechnik},
 address = {Wiesbaden},
 publisher = {{Vieweg+Teubner Verlag}},
 isbn = {978-3-8348-1578-1},
 series = {Studium}
}


@book{Hoffmann.2008,
 author = {Hoffmann, Dirk W.},
 year = {2008},
 title = {Software-Qualit{\"a}t},
 address = {Berlin and Heidelberg},
 publisher = {Springer},
 isbn = {978-3-540-76323-9},
 series = {EXamen.press}
}


@misc{InstituteofElectricalandElectronicsEngineers.1990,
 author = {{Institute of Electrical and Electronics Engineers}},
 year = {1990},
 title = {IEEE Standard Computer Dictionary: A Compilation of IEEE Standard Computer Glossaries},
 url = {http://standards.ieee.org/findstds/standard/610-1990.html},
 note = {06/17/2016}
}


@misc{InstituteofElectricalandElectronicsEngineers.1998,
 author = {{Institute of Electrical and Electronics Engineers}},
 year = {1998},
 title = {IEEE Standard for Software Test Documentation},
 url = {http://standards.ieee.org/findstds/standard/829-1998.html},
 note = {06/17/2016}
}


@misc{InstituteofElectricalandElectronicsEngineers.2009,
 author = {{Institute of Electrical and Electronics Engineers}},
 year = {2009},
 title = {IEEE Standard for a Software Quality Metrics Methodology},
 url = {http://standards.ieee.org/findstds/standard/1061-1998.html},
 note = {06/16/2016}
}


@misc{ISO.25000,
 author = {{ISO Internation Organization for Standardization}},
 year = {2014},
 title = {Systems and software engineering -- Systems and software Quality Requirements and Evaluation (SQuaRE) -- Guide to SQuaRE},
 url = {http://www.iso.org/iso/home/store/catalogue_tc/catalogue_detail.htm?csnumber=64764},
 note = {06/14/2016}
}


@book{Kaner.2001,
 author = {Kaner, Cem and Bach, James},
 year = {2001},
 title = {Lessons learned in software testing},
 address = {New York and Chichester},
 publisher = {Wiley},
 isbn = {0471081124}
}


@misc{King.2013,
 author = {King, Gavin},
 year = {2013},
 title = {Seam - Contextual Components: A Framework for Enterprise Java},
 url = {http://docs.jboss.org/seam/2.3.1.Final/reference/html_single/},
 note = {01.09.2016}
}


@book{Kleuker.2013,
 author = {Kleuker, Stephan},
 year = {2013},
 title = {Qualit{\"a}tssicherung durch Softwaretests: Vorgehensweisen und Werkzeuge zum Test von Java-Programmen},
 address = {Wiesbaden},
 publisher = {{Springer Vieweg}},
 isbn = {978-3-8348-2068-6},
 series = {SpringerLink : B{\"u}cher}
}


@book{Laprie.1992,
 author = {Laprie, J. C.},
 year = {1992},
 title = {Dependability: Basic concepts and terminology in English, French, German, Italian, and Japanese},
 address = {Wien and New York},
 volume = {v. 5},
 publisher = {Springer-Verlag},
 isbn = {978-3-7091-9170-5},
 series = {Dependable computing and fault-tolerant systems}
}


@book{Liggesmeyer.2009,
 author = {Liggesmeyer, Peter},
 year = {2009},
 title = {Software-Qualit{\"a}t: Testen, Analysieren und Verifizieren von Software},
 address = {Heidelberg},
 edition = {2. Aufl.},
 publisher = {{Spektrum, Akad. Verl.}},
 isbn = {978-3-8274-2056-5}
}


@article{MarioGleichmann.2014,
 author = {{Mario Gleichmann}, Alexander Oder},
 year = {2014},
 title = {JUnit-Tests leichtgewichtig dokumentieren},
 pages = {48--50},
 number = {5},
 journal = {JavaSPEKTRUM}
}


@book{Martin.2009,
 author = {Martin, Robert C.},
 year = {2009},
 title = {Clean code: A handbook of agile software craftsmanship /   Robert C. Martin ... [et al.]},
 address = {Indianapolis, Ind.},
 publisher = {{Prentice Hall} and {London :   Pearson Education [distributor]}},
 isbn = {9780132350884}
}


@misc{OphirPrimat.2013,
 author = {{Ophir Primat}},
 year = {2013},
 title = {GitHub's 10,000 most Popular Java Projects: Here are The Top Libraries They Use},
 url = {http://blog.takipi.com/githubs-10000-most-popular-java-projects-here-are-the-top-libraries-they-use/},
 note = {06/07/2016}
}


@book{Oram.2007,
 author = {Oram, Andrew and Wilson, Greg},
 year = {2007},
 title = {Beautiful code},
 address = {North Sebastapol, Calif. and Farnham},
 publisher = {O'Reilly},
 isbn = {9780596510046},
 series = {Theory in practice}
}


@book{Pezze.2009,
 author = {Pezz{\`e}, Mauro and Young, Michal},
 year = {2009},
 title = {Software testen und analysieren: Prozesse, Prinzipien und Techniken},
 address = {M{\"u}nchen},
 publisher = {Oldenbourg},
 isbn = {9783486585216}
}


@book{Sneed.2009,
 author = {Sneed, Harry M. and Baumgartner, Manfred and Seidl, Richard},
 year = {2009},
 title = {Der Systemtest: Von den Anforderungen zum Qualit{\"a}tsnachweis},
 address = {M{\"u}nchen [u.a.]},
 edition = {2., aktualisierte und erw. Aufl.},
 publisher = {Hanser},
 isbn = {9783446417083}
}


@book{Spillner.2007,
 author = {Spillner, Andreas and Linz, Tilo},
 year = {2007},
 title = {Basiswissen Softwaretest: Aus- und Weiterbildung zum Certified Tester ; Foundation Level nach ISTQB-Standard},
 address = {Heidelberg},
 edition = {3., {\"u}berarb. und aktualisierte Aufl., korrigierter Nachdr},
 publisher = {dpunkt-Verl.},
 isbn = {3898643581}
}


@book{Spillner.2007b,
 author = {Spillner, Andreas},
 year = {2007},
 title = {Praxiswissen Softwaretest - Testmanagement: Aus- und Weiterbildung zum Certified Tester - Advanced Level nach ISTQB-Standard},
 address = {Heidelberg},
 edition = {1. Aufl., korr. Nachdr},
 publisher = {dpunkt-Verl.},
 isbn = {3898642755}
}


@book{Tahchiev.2011,
 author = {Tahchiev, Petar and {Massol, Vincent.   JUnit in action}},
 year = {2011},
 title = {JUnit in action},
 address = {Greenwich},
 edition = {2nd ed.},
 publisher = {Manning},
 isbn = {9781935182023}
}


@misc{TheStandishGroup.2015,
 author = {{The Standish Group}},
 year = {2015},
 title = {CHAOS},
 url = {http://blog.standishgroup.com/post/50},
 note = {06/15/2016}
}


@book{Varanasi.2014,
 author = {Varanasi, Balaji and Belida, Sudha},
 year = {2014},
 title = {Introducing Maven},
 address = {Berkeley CA and New York},
 publisher = {Apress and {Distributed to the book trade worldwide by Springer Science+Business Media}},
 isbn = {978-1-4842-0841-0},
 series = {The expert's voice in Java}
}


@book{Westphal.2012,
 author = {Westphal, Frank},
 year = {2012},
 title = {Testgetriebene Entwicklung mit JUnit {\&} FIT: Wie Software {\"a}nderbar bleibt},
 address = {Heidelberg},
 publisher = {Dpunkt.verlag},
 isbn = {978-3-89864-996-4},
 abstract = {Hauptbeschreibung Bei der Weiterentwicklung einer Software k{\"o}nnen durch das Hinzuf{\"u}gen neuer F{\"a}higkeiten unbeabsichtigte {\"A}nderungen an vorhandener Funktionalit{\"a}t entstehen. In der testgetriebenen Entwicklung wird jede {\"A}nderung an der Funktionalit{\"a}t eines Programms zuvor durch einen neuen Test motiviert. Dieses Buch f{\"u}hrt mit praktischen Beispielen in die testgetriebene Entwicklung mit dem frei verf{\"u}gbaren Regressionstest-Framework JUnit ein und erkl{\"a}rt das Vorgehen bei Akzeptanztests mit FIT. Biographische Informationen Frank Westphal ist freier Softwareentwickl.}
}


@article{Wickel.2013,
 author = {Wickel, Ricardo},
 year = {2013},
 title = {Strategie f{\"u}r die Testautomatisierung: Investitionen richtig t{\"a}tigen},
 pages = {12--16},
 volume = {4},
 journal = {OBJEKTspektrum}
}


